% Encoding: UTF8

@book{scrum,
  title={Metodologia Scrum: o que é, métodos ágeis e guia prático},
  author={ANDRADE, Marcio Roberto},
  year={2022},
  publisher={Conta Azul Blog}
}

@book{chatbot,
  title={Conheça os Melhores Chatbots do Mercado para usar em 2023},
  author={LUBY, Gustavo},
  year={2022},
  publisher={Leadster}
}

@book{whats,
  title={Contruindo um chat bot para whatsapp do zero com low code},
  author={BALLERINI, Rafaella},
  year={2022},
  publisher={Rafaella Ballerini}
}

@book{virus,
  title={Como funcionam os vírus de computador?},
  author={AUTOR, Desconhecido},
  year={2022},
  publisher={Kaspersky}
}

@book{ibm,
  title={Create free account on IBM cloud},
  author={AUTOR, Desconhecido},
  year={2022},
  publisher={IBM Cloud}
}

@book{yagpdb,
  title={Yet Another General Purpose Discord Bot},
  author={AUTOR, Desconhecido},
  year={2022},
  publisher={YAGPDB}
}

@book{ia,
  title={Entenda a importância da Inteligência Artificial},
  author={COLABORADOR, Externo},
  year={2017},
  publisher={Canaltech}
}

@book{bots,
  title={O que são bots? - Definição e Explicação},
  author={AUTOR, Desconhecido},
  year={2022},
  publisher={Kaspersky}
}

@book{segint,
  title={Segurança na internet: saiba como se proteger},
  author={AUTOR, Desconhecido},
  year={2022},
  publisher={Cresol}
}

@book{malware,
  title={Malware: O que é um vírus de computador?},
  author={AUTOR, Desconhecido},
  year={2021},
  publisher={Norton}
}

@book{navint,
  title={Navegar na Internet com segurança: O que Fazer?},
  author={AUTOR, Desconhecido},
  year={2020},
  publisher={FiscalTech Empreendedora}
}

@book{cookies,
  title={O que são cookies?},
  author={AUTOR, Desconhecido},
  year={2022},
  publisher={Kaspersky}
}

